<?xml version="1.0" encoding="UTF-8"?><collection xmlns="http://www.loc.gov/MARC21/slim"><record><leader>00483nam--2200193-u-4500</leader><controlfield tag="001">000050509</controlfield><controlfield tag="002">20161230</controlfield><controlfield tag="003">81921</controlfield><controlfield tag="005">20161230201048</controlfield><controlfield tag="008">070904s1000------------r-----000-0-eng-d</controlfield><datafield ind1=" " ind2=" " tag="020"><subfield code="a">4-06-207405-2(Kodansha)</subfield></datafield><datafield ind1=" " ind2=" " tag="040"><subfield code="a">IFIN-HH</subfield></datafield><datafield ind1="1" ind2=" " tag="100"><subfield code="a">Kasai,N. and Kakudo,M</subfield></datafield><datafield ind1="1" ind2="0" tag="245"><subfield code="a">X-Ray Diffraction by Macromolecules</subfield></datafield><datafield ind1=" " ind2=" " tag="260"><subfield code="a">Berlin</subfield><subfield code="b">Springer</subfield><subfield code="c">2005</subfield></datafield><datafield ind1=" " ind2=" " tag="300"><subfield code="a">504 p</subfield></datafield><datafield ind1=" " ind2=" " tag="490"><subfield code="a">Chemical Physics</subfield><subfield code="v">Vol.80</subfield></datafield><datafield ind1=" " ind2=" " tag="852"><subfield code="a">81921</subfield></datafield><datafield ind1=" " ind2=" " tag="CAT"><subfield code="a">Sys</subfield><subfield code="c">20070904</subfield><subfield code="h">103713</subfield></datafield></record></collection>